@article{test,
  title={CFD analysis of flow pattern and heat transfer in direct contact steam condensation},
  author={Gulawani, Sagar S and Joshi, Jyeshtharaj B and Shah, Manish S and RamaPrasad, Chaganti S and Shukla, Daya S},
  journal={Chemical Engineering Science},
  volume={61},
  number={16},
  pages={5204--5220},
  year={2006},
  publisher={Elsevier}
}s